@article{Ahren17,
  title={Efficacy and safety of once-weekly semaglutide versus once-daily sitagliptin as an add-on to metformin, thiazolidinediones, or both, in patients with type 2 diabetes (SUSTAIN 2): a 56-week, double-blind, phase 3a, randomised trial},
  author={Ahr{\'e}n, Bo and Masmiquel, Luis and Kumar, Harish and Sargin, Mehmet and Karsb{\o}l, Julie Derving and Jacobsen, Sanja Hald and Chow, Francis},
  journal={The lancet Diabetes \& endocrinology},
  volume={5},
  number={5},
  pages={341--354},
  year={2017},
  publisher={Elsevier}
}

@article{Blanca17,
  title={Non-normal data: Is ANOVA still a valid option?},
  author={Blanca, Mar{\'\i}a J and Alarc{\'o}n, Rafael and Arnau, Jaume and Bono, Roser and Bendayan, Rebecca},
  journal={Psicothema},
  volume={29},
  number={4},
  pages={552--557},
  year={2017},
  publisher={Colegio Oficial De Psicologos Del Principado De Asturias}
}

  @Manual{rstatix,
    title = {rstatix: Pipe-Friendly Framework for Basic Statistical Tests},
    author = {Alboukadel Kassambara},
    year = {2021},
    note = {R package version 0.7.0},
    url = {https://CRAN.R-project.org/package=rstatix},
  }

  @Manual{rmutil,
    title = {rmutil: Utilities for Nonlinear Regression and Repeated Measurements
Models},
    author = {Bruce Swihart and Jim Lindsey},
    year = {2020},
    note = {R package version 1.1.5},
    url = {https://CRAN.R-project.org/package=rmutil},
  }
  
  @article{Lyon96,
  title={A comparison of tests for heteroscedasticity},
  author={Lyon, John D and Tsai, Chih-Ling},
  journal={Journal of the Royal Statistical Society: Series D (The Statistician)},
  volume={45},
  number={3},
  pages={337--349},
  year={1996},
  publisher={Wiley Online Library}
}