@article{Arbuthnot1710,
author= {John Arbuthnot},
year = {1710},
title = {An argument for {D}ivine {P}rovidence, taken from the constant regularity observed in the 
births of both sexes},
journal = {Philosophical Transactions of the Royal Society of London},
volume={27},
pages={186--190}
}

@article{Nussbaum2018,
author = {Barry D. Nussbaum},
title = {Statistics: Essential Now More Than Ever},
journal = {Journal of the American Statistical Association},
volume = {113},
number = {522},
pages = {489-493},
year  = {2018},
publisher = {Taylor & Francis},
doi = {10.1080/01621459.2018.1463486},
URL = { 
        https://doi.org/10.1080/01621459.2018.1463486
},
eprint = { 
        https://doi.org/10.1080/01621459.2018.1463486    
}
}

@article{LaVange2019,
author = {Lisa M. LaVange},
title = {Statistics at the {FDA}: Reflections on the Past Six Years},
journal = {Statistics in Biopharmaceutical Research},
volume = {11},
number = {1},
pages = {1-12},
year  = {2019},
publisher = {Taylor & Francis},
doi = {10.1080/19466315.2019.1571322},
URL = { 
        https://doi.org/10.1080/19466315.2019.1571322
},
eprint = { 
        https://doi.org/10.1080/19466315.2019.1571322
}
}

@article{Wasserstein2016,
author = {Ronald L. Wasserstein and Nicole A. Lazar},
title = {The {ASA}\textsc{\char13}s Statement on $p$-Values: Context, Process, and Purpose},
journal = {The American Statistician},
volume = {70},
number = {2},
pages = {129-133},
year  = {2016},
publisher = {Taylor & Francis},
doi = {10.1080/00031305.2016.1154108},
URL = { 
        https://doi.org/10.1080/00031305.2016.1154108
},
eprint = { 
        https://doi.org/10.1080/00031305.2016.1154108
}
}

@Article{mediation1,
  title = {{mediation}: {R} Package for Causal Mediation Analysis},
  author = {Dustin Tingley and Teppei Yamamoto and Kentaro Hirose and Luke Keele and Kosuke Imai},
  journal = {Journal of Statistical Software},
  year = {2014},
  volume = {59},
  number = {5},
  pages = {1--38},
  url = {http://www.jstatsoft.org/v59/i05/},
}

@InCollection{mediation2,
  title = {Causal Mediation Analysis Using R},
  author = {Kosuke Imai and Luke Keele and Dustin Tingley and Teppei Yamamoto},
  booktitle = {Advances in Social Science Research Using R},
  year = {2010},
  editor = {H. D. Vinod},
  publisher = {Springer-Verlag},
  address = {New York},
}
